@article{Abdullah2018amenities,
   author = {Abdullah, Snhs and Bohani, F. A. and Nazri, Z. A. and Jeffry, Y. and Abdullah, M. A. and Junoh, M. N. and Kasim, Z. A.},
   title = {Amenities Surrounding Commercial Serial Crime Prediction at Greater Valley and Kuala Lumpur Using K-Means Clustering},
   journal = {Jurnal Teknologi},
   volume = {80},
   number = {4},
   pages = {43-53},
   ISSN = {0127-9696},
   url = {<Go to ISI>://WOS:000437011000005},
   year = {2018},
   type = {Journal Article}
}

@article{Anderson2018wet,
   author = {Anderson, D. M. and Crost, B. and Rees, D. I.},
   title = {Wet Laws, Drinking Establishments and Violent Crime},
   journal = {Economic Journal},
   volume = {128},
   number = {611},
   pages = {1333-1366},
   ISSN = {0013-0133},
   DOI= {10.1111/ecoj.12451},
   url = {<Go to ISI>://WOS:000434233700001},
   year = {2018},
   type = {Journal Article}
}

@book{Baddeley2015spatial,
   author = {Baddeley, Adrian and Rubak, Ege and Turner, Rolf},
   title = {Spatial point patterns: methodology and applications with R},
   publisher = {Chapman and Hall/CRC},
   ISBN = {1482210215},
   year = {2015},
   type = {Book}
}


@book{Bailey1995interactive,
   author = {Bailey, T. C. and Gatrell, A. C.},
   title = {Interactive Spatial Data Analysis},
   publisher = {Addison Wesley Longman},
   address = {Essex},
   year = {1995},
   type = {Book}
}

@article{Becker2017analise,
  title={Uma an{\'a}lise do efeito dos gastos p{\'u}blicos em educa{\c{c}}{\~a}o sobre a criminalidade no Brasil},
  author={Becker, Kalinca L{\'e}ia and Kassouf, Ana L{\'u}cia},
  journal={Economia e Sociedade},
  volume={26},
  number={1},
  pages={215-242},
  year={2017},
  publisher={SciELO Brasil}
}

@article{Birman2012violencia,
  title={A violencia dos justos: evangelicos, midia e periferias da metropole},
  author={Birman, Patricia and Machado, Carly},
  journal={Revista brasileira de ci{\^e}ncias sociais},
  volume={27},
  number={80},
  pages={55--69},
  year={2012},
  publisher={Associa{\c{c}}{\~a}o Nacional de P{\'o}s-Gradua{\c{c}}{\~a}o e Pesquisa em Ci{\^e}ncias Sociais}
}

@article{Boivin2018applied,
   author = {Boivin, R.},
   title = {Routine activity, population(s) and crime: Spatial heterogeneity and conflicting Propositions about the neighborhood crime-population link},
   journal = {Applied Geography},
   volume = {95},
   pages = {79-87},
   ISSN = {0143-6228},
   DOI= {10.1016/j.apgeog.2018.04.016},
   url = {<Go to ISI>://WOS:000435058100009},
   year = {2018},
   type = {Journal Article}
}

@article{Brantingham2016crime,
  title={Crime diversity},
  author={Brantingham, P Jeffrey},
  journal={Criminology},
  volume={54},
  number={4},
  pages={553--586},
  year={2016},
  publisher={Wiley Online Library}
}

@article{Brandt2014houses,
   author = {Brandt, S. and Maennig, W. and Richter, F.},
   title = {Do Houses of Worship Affect Housing Prices? Evidence from Germany},
   journal = {Growth and Change},
   volume = {45},
   number = {4},
   pages = {549-570},
   ISSN = {0017-4815},
   DOI= {10.1111/grow.12066},
   url = {<Go to ISI>://WOS:000346157500004},
   year = {2014},
   type = {Journal Article}
}



@article{Brower2007spatial,
   author = {Brower, A. M. and Carroll, L.},
   title = {Spatial and temporal aspects of alcohol-related crime in a college town},
   journal = {Journal of American College Health},
   volume = {55},
   number = {5},
   pages = {267-275},
   ISSN = {0744-8481},
   DOI= {10.3200/jach.55.5.267-276},
   url = {<Go to ISI>://WOS:000245223300002},
   year = {2007},
   type = {Journal Article}
}

@book{Chesnut2017devoted,
  title={Devoted to Death: Santa Muerte, the Skeleton Saint},
  author={Chesnut, R Andrew},
  year={2017},
  publisher={Oxford University Press}
}

@article{Craglia2000comparative,
   author = {Craglia, M. and Haining, R. and Wiles, P.},
   title = {A comparative evaluation of approaches to urban crime pattern analysis},
   journal = {Urban Studies},
   volume = {37},
   number = {4},
   pages = {711-729},
   url = {ISI:000086520800005},
   year = {2000},
   type = {Journal Article}
}

@article{Damiano2016brazilian,
  title={Brazilian scientific articles on “Spirituality, Religion and Health”},
  author={Damiano, Rodolfo F and Costa, Lucas A and Viana, Marcos T{\'u}lio SA and Moreira-Almeida, Alexander and Lucchetti, Alessandra LG and Lucchetti, Giancarlo},
  journal={Archives of Clinical Psychiatry (S{\~a}o Paulo)},
  volume={43},
  number={1},
  pages={11--16},
  year={2016},
  publisher={SciELO Brasil}
}

@article{Davignon2015christian,
   author = {Davignon, P. and Thomson, R. A.},
   title = {Christian Colleges and Universities as Moral Communities: The Effects of Institutional Characteristics on Student Religiosity},
   journal = {Review of Religious Research},
   volume = {57},
   number = {4},
   pages = {531-554},
   ISSN = {0034-673X},
   DOI= {10.1007/s13644-015-0214-5},
   url = {<Go to ISI>://WOS:000365750200003},
   year = {2015},
   type = {Journal Article}
}

@article{deOliveira2019violence,
   author = {de Oliveira, V. H. and de Medeiros, C. N. and Carvalho, J. R.},
   title = {Violence and Local Development in Fortaleza, Brazil: A Spatial Regression Analysis},
   journal = {Applied Spatial Analysis and Policy},
   volume = {12},
   number = {1},
   pages = {147-166},
   ISSN = {1874-463X},
   DOI= {10.1007/s12061-017-9236-4},
   url = {<Go to ISI>://WOS:000459758700008},
   year = {2019},
   type = {Journal Article}
}

@article{Deryol2016crime,
   author = {Deryol, R. and Wilcox, P. and Logan, M. and Wooldredge, J.},
   title = {Crime Places in Context: An Illustration of the Multilevel Nature of Hot Spot Development},
   journal = {Journal of Quantitative Criminology},
   volume = {32},
   number = {2},
   pages = {305-325},
   ISSN = {0748-4518},
   DOI= {10.1007/s10940-015-9278-1},
   url = {<Go to ISI>://WOS:000376023900007},
   year = {2016},
   type = {Journal Article}
}

@article{Desmond2010congregations,
   author = {Desmond, S. A. and Kikuchi, G. and Morgan, K. H.},
   title = {Congregations and Crime: Is the Spatial Distribution of Congregations Associated with Neighborhood Crime Rates?},
   journal = {Journal for the Scientific Study of Religion},
   volume = {49},
   number = {1},
   pages = {37-55},
   ISSN = {0021-8294},
   DOI= {10.1111/j.1468-5906.2009.01491.x},
   url = {<Go to ISI>://WOS:000275106500003},
   year = {2010},
   type = {Journal Article}
}

@article{Donovan1986different,
   author = {Donovan, Peter},
   title = {Do Different Religions Share Moral Common Ground?},
   journal = {Religious Studies},
   volume = {22},
   number = {3/4},
   pages = {367-375},
   ISSN = {00344125, 1469901X},
   url = {http://www.jstor.org.libaccess.lib.mcmaster.ca/stable/20006295},
   year = {1986},
   type = {Journal Article}
}



@book{Doran2011putting,
  title={Putting fear of crime on the map: Investigating perceptions of crime using geographic information systems},
  author={Doran, Bruce J and Burgess, Melissa B},
  year={2011},
  publisher={Springer Science \& Business Media}
}

@incollection{Durrant2017religion,
  title={Why Religion Matters},
  author={Durrant, Russil and Poppelwell, Zoe},
  booktitle={Religion, Crime and Punishment},
  pages={1--17},
  year={2017},
  publisher={Springer}
}

@article{Eitle2011religion,
   author = {Eitle, D.},
   title = {Religion and Gambling Among Young Adults in the United States: Moral Communities and the Deterrence Hypothesis},
   journal = {Journal for the Scientific Study of Religion},
   volume = {50},
   number = {1},
   pages = {61-81},
   ISSN = {0021-8294},
   DOI= {10.1111/j.1468-5906.2010.01552.x},
   url = {<Go to ISI>://WOS:000287925500004},
   year = {2011},
   type = {Journal Article}
}

@article{Ellison2003enduring,
  title={The enduring puzzle of southern homicide: Is regional religious culture the missing piece?},
  author={Ellison, Christopher G and Burr, Jeffrey A and McCall, Patricia L},
  journal={Homicide Studies},
  volume={7},
  number={4},
  pages={326--352},
  year={2003},
  publisher={Sage Publications}
}

@article{Feitosa2007global,
   author = {Feitosa, F. F. and Camara, G. and Monteiro, A. M. V. and Koschitzki, T. and Silva, M. P. S.},
   title = {Global and local spatial indices of urban segregation},
   journal = {International Journal of Geographical Information Science},
   volume = {21},
   number = {3},
   pages = {299-323},
   ISSN = {1365-8816},
   url = {ISI:000244944300004
C:/Papers/International Journal of Geographical Information Science/IJGIS (2007) 21 (3) 299-323.pdf},
   year = {2007},
   type = {Journal Article}
}



@article{Foster2010neighbourhood,
   author = {Foster, S. and Giles-Corti, B. and Knuiman, M.},
   title = {Neighbourhood design and fear of crime: A social-ecological examination of the correlates of residents' fear in new suburban housing developments},
   journal = {Health & Place},
   volume = {16},
   number = {6},
   pages = {1156-1165},
   ISSN = {1353-8292},
   DOI= {10.1016/j.healthplace.2010.07.007},
   url = {<Go to ISI>://WOS:000284135900011},
   year = {2010},
   type = {Journal Article}
}

@article{Furr2010metric,
   author = {Furr-Holden, C. D. M. and Campbell, K. D. M. and Milam, A. J. and Smart, M. J. and Ialongo, N. A. and Leaf, P. J.},
   title = {Metric Properties of the Neighborhood Inventory for Environmental Typology (NIfETy): An Environmental Assessment Tool for Measuring Indicators of Violence, Alcohol, Tobacco, and Other Drug Exposures},
   journal = {Evaluation Review},
   volume = {34},
   number = {3},
   pages = {159-184},
   ISSN = {0193-841X},
   DOI= {10.1177/0193841x10368493},
   url = {<Go to ISI>://WOS:000277772300001},
   year = {2010},
   type = {Journal Article}
}

@article{Gatrell1996spatial,
   author = {Gatrell, A. C. and Bailey, T. C. and Diggle, P. J. and Rowlingson, B. S.},
   title = {Spatial point pattern analysis and its application in geographical epidemiology},
   journal = {Transactions of the Institute of British Geographers},
   volume = {21},
   number = {1},
   pages = {256-274},
   ISSN = {0020-2754},
   url = {<Go to ISI>://A1996UF23400017},
   year = {1996},
   type = {Journal Article}
}

@article{Groff2015informal,
   author = {Groff, E. R.},
   title = {Informal Social Control and Crime Events},
   journal = {Journal of Contemporary Criminal Justice},
   volume = {31},
   number = {1},
   pages = {90-106},
   ISSN = {1043-9862},
   DOI= {10.1177/1043986214552619},
   url = {<Go to ISI>://WOS:000348101600006},
   year = {2015},
   type = {Journal Article}
}


@article{He2015temporal,
   author = {He, L. and Paez, A. and Liu, D. S. and Jiang, S. G.},
   title = {Temporal stability of model parameters in crime rate analysis: An empirical examination},
   journal = {Applied Geography},
   volume = {58},
   pages = {141-152},
   ISSN = {0143-6228},
   DOI= {10.1016/j.apgeog.2015.02.002},
   url = {<Go to ISI>://WOS:000351790600013},
   year = {2015},
   type = {Journal Article}
}




@article{He2017built,
   author = {He, Li and Páez, Antonio and Liu, Desheng},
   title = {Built environment and violent crime: An environmental audit approach using Google Street View},
   journal = {Computers, Environment and Urban Systems},
   volume = {66},
   pages = {83-95},
   ISSN = {0198-9715},
   DOI= {http://dx.doi.org/10.1016/j.compenvurbsys.2017.08.001},
   url = {http://www.sciencedirect.com/science/article/pii/S0198971516301065},
   year = {2017},
   type = {Journal Article}
}

@article{He2017persistence,
   author = {He, L. and Paez, A. and Liu, D. S.},
   title = {Persistence of Crime Hot Spots: An Ordered Probit Analysis},
   journal = {Geographical Analysis},
   volume = {49},
   number = {1},
   pages = {3-22},
   ISSN = {0016-7363},
   DOI= {10.1111/gean.12107},
   url = {<Go to ISI>://WOS:000394972400001},
   year = {2017},
   type = {Journal Article}
}

@article{Hipp2007block,
   author = {Hipp, J. R.},
   title = {Block, tract, and levels of aggregation: Neighborhood structure and crime and disorder as a case in point},
   journal = {American Sociological Review},
   volume = {72},
   number = {5},
   pages = {659-680},
   ISSN = {0003-1224},
   DOI= {10.1177/000312240707200501},
   url = {<Go to ISI>://WOS:000250181200001},
   year = {2007},
   type = {Journal Article}
}



@article{Hirschi1969hellfire,
  title={Hellfire and delinquency},
  author={Hirschi, Travis and Stark, Rodney},
  journal={Social Problems},
  volume={17},
  number={2},
  pages={202-213},
  year={1969},
  publisher={Oxford University Press Oxford, UK}
}

@article{Hoffmann2015religion,
  title={Religion and Crime},
  author={Hoffmann, John P},
  journal={The Encyclopedia of Crime and Punishment},
  pages={1--5},
  year={2015},
  publisher={Wiley Online Library}
}

@book{Johnson2011more,
  title={More God, less crime: Why faith matters and how it could matter more},
  author={Johnson, Byron},
  year={2011},
  publisher={Templeton Foundation Press}
}

@article{Kiani2015analysis,
  title={Analysis and prediction of crimes by clustering and classification},
  author={Kiani, Rasoul and Mahdavi, Siamak and Keshavarzi, Amin},
  journal={International Journal of Advanced Research in Artificial Intelligence},
  volume={4},
  number={8},
  pages={11--17},
  year={2015},
  publisher={Citeseer}
}

@article{Laird2011religiosity,
   author = {Laird, R. D. and Marks, L. D. and Marrero, M. D.},
   title = {Religiosity, self-control, and antisocial behavior: Religiosity as a promotive and protective factor},
   journal = {Journal of Applied Developmental Psychology},
   volume = {32},
   number = {2},
   pages = {78-85},
   ISSN = {0193-3973},
   DOI= {10.1016/j.appdev.2010.12.003},
   url = {<Go to ISI>://WOS:000289326700004},
   year = {2011},
   type = {Journal Article}
}

@article{Lee2004love,
   author = {Lee, M. R. and Bartkowski, J. P.},
   title = {Love thy neighbor? Moral communities, civic engagement, and juvenile homicide in rural areas},
   journal = {Social Forces},
   volume = {82},
   number = {3},
   pages = {1001-1035},
   ISSN = {0037-7732},
   DOI= {10.1353/sof.2004.0044},
   url = {<Go to ISI>://WOS:000220439600005},
   year = {2004},
   type = {Journal Article}
}

@article{Levine1986crime,
  title={Crime at bus stops: A study of environmental factors},
  author={Levine, Ned and Wachs, Martin and Shirazi, Elham},
  journal={Journal of Architectural and Planning Research},
  pages={339--361},
  year={1986},
  publisher={JSTOR}
}

@article{Levine2006crime,
   author = {Levine, N.},
   title = {Crime mapping and the CrimeStat program},
   journal = {Geographical Analysis},
   volume = {38},
   number = {1},
   pages = {41-56},
   ISSN = {0016-7363},
   DOI= {10.1111/j.0016-7363.2005.00673.x},
   url = {<Go to ISI>://WOS:000234927600004},
   year = {2006},
   type = {Journal Article}
}

@article{Lipton2008spatial,
   author = {Lipton, R. and Banerjee, A. and Levy, D. and Manzanilla, N. and Cochrane, M.},
   title = {The spatial distribution of underage tobacco sales in Los Angeles},
   journal = {Substance Use & Misuse},
   volume = {43},
   number = {11},
   pages = {1597-1617},
   ISSN = {1082-6084},
   DOI= {10.1080/10826080802241110},
   url = {<Go to ISI>://WOS:000258774200008},
   year = {2008},
   type = {Journal Article}
}



@article{Longest2018moral,
   author = {Longest, K. C. and Uecker, J. E.},
   title = {Moral Communities and Sex: The Religious Influence on Young Adult Sexual Behavior and Regret},
   journal = {Sociological Perspectives},
   volume = {61},
   number = {3},
   pages = {361-382},
   ISSN = {0731-1214},
   DOI= {10.1177/0731121417730015},
   url = {<Go to ISI>://WOS:000432127500002},
   year = {2018},
   type = {Journal Article}
}

@article{Loukaitou2001measuring,
   author = {Loukaitou-Sideris, A. and Liggett, R. and Iseki, H. and Thurlow, W.},
   title = {Measuring the effects of built environment on bus stop crime},
   journal = {Environment and Planning B-Planning & Design},
   volume = {28},
   number = {2},
   pages = {255-280},
   ISSN = {0265-8135},
   DOI= {10.1068/b2642r},
   url = {<Go to ISI>://WOS:000167432000007},
   year = {2001},
   type = {Journal Article}
}

@article{Malleson2015spatio,
  title={Spatio-temporal crime hotspots and the ambient population},
  author={Malleson, Nick and Andresen, Martin A},
  journal={Crime science},
  volume={4},
  number={1},
  pages={10},
  year={2015},
  publisher={SpringerOpen}
}

@article{Malleson2019identifying,
   author = {Malleson, N. and Steenbeek, W. and Andresen, M. A.},
   title = {Identifying the appropriate spatial resolution for the analysis of crime patterns},
   journal = {Plos One},
   volume = {14},
   number = {6},
   ISSN = {1932-6203},
   DOI= {10.1371/journal.pone.0218324},
   url = {<Go to ISI>://WOS:000482883600028},
   year = {2019},
   type = {Journal Article}
}



@article{Menezes2013spatial,
   author = {Menezes, T. and Silveira-Neto, R. and Monteiro, C. and Ratton, J. L.},
   title = {Spatial correlation between homicide rates and inequality: Evidence from urban neighborhoods},
   journal = {Economics Letters},
   volume = {120},
   number = {1},
   pages = {97-99},
   ISSN = {0165-1765},
   DOI= {10.1016/j.econlet.2013.03.040},
   url = {<Go to ISI>://WOS:000320142100024},
   year = {2013},
   type = {Journal Article}
}

@article{Moreira2014housing,
  title={Housing market analysis using a hierarchical--spatial approach: the case of Belo Horizonte, Minas Gerais, Brazil},
  author={Moreira de Aguiar, Marina and Sim{\~o}es, Rodrigo and Braz Golgher, Andr{\'e}},
  journal={Regional Studies, Regional Science},
  volume={1},
  number={1},
  pages={116--137},
  year={2014},
  publisher={Taylor \& Francis}
}

@article{Murray2013crime,
   author = {Murray, J. and Cerqueira, D. R. D. and Kahn, T.},
   title = {Crime and violence in Brazil: Systematic review of time trends, prevalence rates and risk factors},
   journal = {Aggression and Violent Behavior},
   volume = {18},
   number = {5},
   pages = {471-483},
   ISSN = {1359-1789},
   DOI= {10.1016/j.avb.2013.07.003},
   url = {<Go to ISI>://WOS:000324452600004},
   year = {2013},
   type = {Journal Article}
}



@article{Nakaya2010visualizing,
   author = {Nakaya, T. and Yano, K. J.},
   title = {Visualising Crime Clusters in a Space-time Cube: An Exploratory Data-analysis Approach Using Space-time Kernel Density Estimation and Scan Statistics},
   journal = {Transactions in Gis},
   volume = {14},
   number = {3},
   pages = {223-239},
   ISSN = {1361-1682},
   DOI= {10.1111/j.1467-9671.2010.01194.x},
   url = {<Go to ISI>://WOS:000292153600002},
   year = {2010},
   type = {Journal Article}
}

@article{Nie2019smoking,
   author = {Nie, F. H. and Yang, X. Z. Y.},
   title = {Smoking in the temple of the holy spirit? Geographic location matters},
   journal = {Health & Place},
   volume = {58},
   ISSN = {1353-8292},
   DOI= {10.1016/j.healthplace.2019.05.017},
   url = {<Go to ISI>://WOS:000482101600026},
   year = {2019},
   type = {Journal Article}
}

@article{Quick2017influence,
   author = {Quick, M. and Law, J. and Luan, H.},
   title = {The Influence of On-Premise and Off-Premise Alcohol Outlets on Reported Violent Crime in the Region of Waterloo, Ontario: Applying Bayesian Spatial Modeling to Inform Land Use Planning and Policy},
   journal = {Applied Spatial Analysis and Policy},
   volume = {10},
   number = {3},
   pages = {435-454},
   ISSN = {1874-463X},
   DOI= {10.1007/s12061-016-9191-5},
   url = {<Go to ISI>://WOS:000407365300007},
   year = {2017},
   type = {Journal Article}
}

@article{Regnerus2003moral,
   author = {Regnerus, M. D.},
   title = {Moral communities and adolescent delinquency: Religious contexts and community social control},
   journal = {Sociological Quarterly},
   volume = {44},
   number = {4},
   pages = {523-554},
   ISSN = {0038-0253},
   url = {<Go to ISI>://WOS:000188319800001},
   year = {2003},
   type = {Journal Article}
}

@article{Reiss1951delinquency,
   author = {Reiss, Albert J.},
   title = {Delinquency as the Failure of Personal and Social Controls},
   journal = {American Sociological Review},
   volume = {16},
   number = {2},
   pages = {196-207},
   ISSN = {00031224},
   DOI= {10.2307/2087693},
   url = {http://www.jstor.org.libaccess.lib.mcmaster.ca/stable/2087693},
   year = {1951},
   type = {Journal Article}
}

@article{Ripley1976second,
   author = {Ripley, B. D.},
   title = {The Second-Order Analysis of Stationary Point Processes},
   journal = {Journal of Applied Probability},
   volume = {13},
   number = {2},
   pages = {255-266},
   url = {ISI:A1976CA37400007},
   year = {1976},
   type = {Journal Article}
}



@article{Rogerson2001spatial,
  title={Spatial monitoring of geographic patterns: an application to crime analysis},
  author={Rogerson, Peter and Sun, Y},
  journal={Computers, Environment and Urban Systems},
  volume={25},
  number={6},
  pages={539--556},
  year={2001},
  publisher={Elsevier}
}

@article{Rohrbaugh1975religiosity,
  title={Religiosity in youth: A personal control against deviant behavior},
  author={Rohrbaugh, John and Jessor, Richard},
  journal={Journal of personality},
  volume={43},
  number={1},
  pages={136--155},
  year={1975},
  publisher={Wiley Online Library}
}

@article{Stark1996religion,
   author = {Stark, R.},
   title = {Religion as context: Hellfire and delinquency one more time},
   journal = {Sociology of Religion},
   volume = {57},
   number = {2},
   pages = {163-173},
   ISSN = {1069-4404},
   DOI= {10.2307/3711948},
   url = {<Go to ISI>://WOS:A1996UQ98700004},
   year = {1996},
   type = {Journal Article}
}

@article{Stroope2018moral,
   author = {Stroope, S. and Baker, J. O.},
   title = {Whose Moral Community? Religiosity, Secularity, and Self-rated Health across Communal Religious Contexts},
   journal = {Journal of Health and Social Behavior},
   volume = {59},
   number = {2},
   pages = {185-199},
   ISSN = {0022-1465},
   DOI= {10.1177/0022146518755698},
   url = {<Go to ISI>://WOS:000433533300002},
   year = {2018},
   type = {Journal Article}
}



@article{Traunmuller2011moral,
   author = {Traunmuller, R.},
   title = {Moral Communities? Religion as a Source of Social Trust in a Multilevel Analysis of 97 German Regions},
   journal = {European Sociological Review},
   volume = {27},
   number = {3},
   pages = {346-363},
   ISSN = {0266-7215},
   DOI= {10.1093/esr/jcq011},
   url = {<Go to ISI>://WOS:000291857300004},
   year = {2011},
   type = {Journal Article}
}

@article{Topalli2013god,
   author = {Topalli, V. and Brezina, T. and Bernhardt, M.},
   title = {With God on my side: The paradoxical relationship between religious belief and criminality among hardcore street offenders},
   journal = {Theoretical Criminology},
   volume = {17},
   number = {1},
   pages = {49-69},
   ISSN = {1362-4806},
   DOI= {10.1177/1362480612463114},
   url = {<Go to ISI>://WOS:000330305000004},
   year = {2013},
   type = {Journal Article}
}



@article{Triplett2013churches,
   author = {Triplett, R. A. and White, G. and Gainey, R.},
   title = {Churches as Neighborhood Organizations and Their Relationship to Street and Domestic Violent Crime: The Role of Denomination, Stability, and Heterogeneity},
   journal = {Deviant Behavior},
   volume = {34},
   number = {10},
   pages = {803-823},
   ISSN = {0163-9625},
   DOI= {10.1080/01639625.2013.781440},
   url = {<Go to ISI>://WOS:000320690600003},
   year = {2013},
   type = {Journal Article}
}

@article{Ulmer2008moral,
   author = {Ulmer, J. T. and Bader, C. and Gault, M.},
   title = {DO MORAL COMMUNITIES PLAY a ROLE IN CRIMINAL SENTENCING? Evidence from Pennsylvania},
   journal = {Sociological Quarterly},
   volume = {49},
   number = {4},
   pages = {737-768},
   ISSN = {0038-0253},
   DOI= {10.1111/j.1533-8525.2008.00134.x},
   url = {<Go to ISI>://WOS:000260054400006},
   year = {2008},
   type = {Journal Article}
}

@misc{Unodc2019executive,
  title={Global Study on Homicide 2019: Executive Summary},
  author="{United Nations Office on Drugs and Crime}",
  year={2019},
  publisher={UNODC Vienna}
}

@misc{Unodc2019development,
  title={Global Study on Homicide 2019: Homicide, development and the Sustainable Development Goals},
  author="{United Nations Office on Drugs and Crime}",
  year={2019},
  publisher={UNODC Vienna}
}

@article{Warner2019neighborhood,
   author = {Warner, B. D. and Konkel, R. H.},
   title = {Neighborhood churches and their relationship to neighborhood processes important for crime prevention},
   year={2019},
   journal = {Journal of Urban Affairs},
   ISSN = {0735-2166},
   DOI= {10.1080/07352166.2019.1581030},
   url = {<Go to ISI>://WOS:000465689100001},
   type = {Journal Article}
}

@article{Wheeler2019quantifying,
   author = {Wheeler, A. P.},
   title = {Quantifying the Local and Spatial Effects of Alcohol Outlets on Crime},
   journal = {Crime & Delinquency},
   volume = {65},
   number = {6},
   pages = {845-871},
   ISSN = {0011-1287},
   DOI= {10.1177/0011128718806692},
   url = {<Go to ISI>://WOS:000465590700005},
   year = {2019},
   type = {Journal Article}
}


